@Article{sym13020195,
    author = {Belov, Vladimir and Tatarintsev, Andrey and Nikulchev, Evgeny},
    title = {Choosing a Data Storage Format in the Apache Hadoop System Based on Experimental Evaluation Using Apache Spark},
    journal = {Symmetry},
    volume = {13},
    year = {2021},
    number = {2},
    article-number = {195},
    url = {https://www.mdpi.com/2073-8994/13/2/195},
    issn = {2073-8994},
    doi = {10.3390/sym13020195}
}

@online{parquet,
    author = {Don Drake},
    title = {Benchmarking Apache Parquet: The Allstate Experience},
    url = {https://blog.cloudera.com/benchmarking-apache-parquet-the-allstate-experience/},
    year = {2016}
}

@online{iceberg2,
    author = {},
    title = {Apache Iceberg},
    url = {https://docs.dremio.com/current/sonar/query-manage/data-formats/apache-iceberg/}
}

@online{iceberg3,
    author = {Srujana Maddula},
    title = {Apache Iceberg Explained: A Complete Guide for Beginners},
    url = {https://www.datacamp.com/tutorial/apache-iceberg},
    year = {2024}
}

@inproceedings{armbrust2021lakehouse,
  title={Lakehouse: a new generation of open platforms that unify data warehousing and advanced analytics},
  author={Armbrust, Michael and Ghodsi, Ali and Xin, Reynold and Zaharia, Matei},
  booktitle={Proceedings of CIDR},
  volume={8},
  pages={28},
  year={2021}
}

@article{nambiar2022overview,
  title={An overview of data warehouse and data lake in modern enterprise data management},
  author={Nambiar, Athira and Mundra, Divyansh},
  journal={Big data and cognitive computing},
  volume={6},
  number={4},
  pages={132},
  year={2022},
  publisher={MDPI}
}

@online{awswell,
    author = {AWS},
    title = {AWS Well-Architected Framework},
    url = {https://docs.aws.amazon.com/wellarchitected/latest/framework/welcome.html},
    year = {2024}
}